
@article{Indigo,
title = {Indigo Cheminformatics Library},
author = {{Indigo}},
organization = {GGA Software Services},
address  = {Cambridge MA, USA},
year = 2013,
url   = {http://ggasoftware.com/opensource/indigo/}
}